<?xml version="1.0" encoding="UTF-8"?><record xmlns="http://www.loc.gov/MARC21/slim" xmlns:cinclude="http://apache.org/cocoon/include/1.0" xmlns:zs="http://www.loc.gov/zing/srw/">
  <leader>00378nz  a2200133n  4500</leader>
  <controlfield tag="001">no2008036648</controlfield>
  <controlfield tag="003">DLC</controlfield>
  <controlfield tag="005">20080309080651.0</controlfield>
  <controlfield tag="008">080307n| acannaabn          |n aaa     c</controlfield>
  <datafield tag="010" ind1=" " ind2=" ">
    <subfield code="a">no2008036648</subfield>
  </datafield>
  <datafield tag="035" ind1=" " ind2=" ">
    <subfield code="a">(OCoLC)oca07687595</subfield>
  </datafield>
  <datafield tag="040" ind1=" " ind2=" ">
    <subfield code="a">SaPrUSA</subfield>
    <subfield code="b">eng</subfield>
    <subfield code="c">SaPrUSA</subfield>
  </datafield>
  <datafield tag="100" ind1="1" ind2=" ">
    <subfield code="a">Krauer, Alexander Walter</subfield>
  </datafield>
  <datafield tag="670" ind1=" " ind2=" ">
    <subfield code="a">Die Rolle der Fiskalpolitik ... 1957:</subfield>
    <subfield code="b">t.p. (Alexander Walter Krauer)</subfield>
  </datafield>
</record>